<?xml version="1.0" encoding="UTF-8"?><collection xmlns="http://www.loc.gov/MARC21/slim"><record><leader>00511nam--2200193-i-4500</leader><controlfield tag="001">000001445</controlfield><controlfield tag="002">20161230</controlfield><controlfield tag="005">20161230201024</controlfield><controlfield tag="008">060222s1000------------r-----000-0-eng-d</controlfield><datafield ind1=" " ind2=" " tag="020"><subfield code="a">0306411504</subfield></datafield><datafield ind1=" " ind2=" " tag="040"><subfield code="a">IFIN-HH</subfield></datafield><datafield ind1=" " ind2=" " tag="080"><subfield code="a">546.799:538.9</subfield></datafield><datafield ind1="1" ind2=" " tag="100"><subfield code="a">Erd¿s, P©Łl</subfield></datafield><datafield ind1="1" ind2="0" tag="245"><subfield code="a">The physics of actinide compounds</subfield><subfield code="c">Paul erdos, john m. robinson</subfield></datafield><datafield ind1=" " ind2=" " tag="260"><subfield code="a">New York</subfield><subfield code="b">Plenum Press</subfield><subfield code="c">1983</subfield></datafield><datafield ind1=" " ind2=" " tag="300"><subfield code="a">IX + 213 P</subfield></datafield><datafield ind1="1" ind2=" " tag="700"><subfield code="a">Robinson, John M</subfield></datafield><datafield ind1=" " ind2=" " tag="852"><subfield code="a">72118</subfield><subfield code="c">539.2</subfield></datafield><datafield ind1=" " ind2=" " tag="CAT"><subfield code="a">Sys</subfield><subfield code="c">20121107</subfield><subfield code="h">172808</subfield></datafield></record></collection>